<marc:record xmlns:marc="http://www.loc.gov/MARC21/slim"><marc:leader>00524nam a22001330a 45 0</marc:leader><marc:controlfield tag="001">306698</marc:controlfield><marc:controlfield tag="003">NL-AMISG</marc:controlfield><marc:controlfield tag="005">19950210234845.0</marc:controlfield><marc:controlfield tag="008">199502suuuuuuuu||||||||||||||||||||||| d</marc:controlfield><marc:datafield ind1=" " ind2=" " tag="035"><marc:subfield code="a">(IISG)IISGb10047969</marc:subfield></marc:datafield><marc:datafield ind1=" " ind2=" " tag="040"><marc:subfield code="a">NL-AmISG</marc:subfield></marc:datafield><marc:datafield ind1="1" ind2="0" tag="245"><marc:subfield code="a">Arbejdsløshedsraadets betaenkning af 24. Marts 1934 vedrørende Nedsaettelse af Arbejdstiden.</marc:subfield></marc:datafield><marc:datafield ind1=" " ind2=" " tag="260"><marc:subfield code="a">U.Pl. :</marc:subfield><marc:subfield code="b">Socialministeriets Foranstaltning,</marc:subfield><marc:subfield code="c">u.A.</marc:subfield></marc:datafield><marc:datafield ind1=" " ind2=" " tag="300"><marc:subfield code="a">32 S.</marc:subfield></marc:datafield><marc:datafield ind1=" " ind2=" " tag="690"><marc:subfield code="a">Den 152</marc:subfield><marc:subfield code="b">Denmark; social history; social policy; unemployment employment finding</marc:subfield><marc:subfield code="c">Denemarken; sociale geschiedenis; sociale politiek; arbeidsbemiddeling, werkloosheid.</marc:subfield></marc:datafield><marc:datafield ind1=" " ind2=" " tag="852"><marc:subfield code="a">IISG</marc:subfield><marc:subfield code="b">IISG</marc:subfield><marc:subfield code="c">IISG</marc:subfield><marc:subfield code="j">Den 152/44</marc:subfield><marc:subfield code="p">N10047478</marc:subfield></marc:datafield><marc:datafield ind1=" " ind2=" " tag="901"><marc:subfield code="a">306698</marc:subfield><marc:subfield code="b">Unknown</marc:subfield><marc:subfield code="c">306698</marc:subfield><marc:subfield code="t">biblio</marc:subfield></marc:datafield><marc:datafield ind1=" " ind2=" " tag="902"><marc:subfield code="a">10622/6F15D91D-7594-4C4C-A4B1-6EBB89C8D7BE</marc:subfield></marc:datafield></marc:record>